75600000         202314712000100                    01234000000000012340FUNERARIA NOVA FRANCA LTDA    SICOOB                                  21111201615553900000308500000                                                                     
75600011T01  043 2002314712000100          123400000901234000000000012340FUNERARIA NOVA FRANCA LTDA                                                                                    000000001111201600000000                                 
7560001300001T 0601234000000000012340000000101401011     12016120712001  07122016000000000000001001029910                         091000011111111111FLAVIO HENRIQUE FERREIRA                00000000000000000000001900000000004                 
7560001300002U 060000000000000000000000000000000000000000000000000000000000000000000000000010000000000000010000000000000000000000000000000911201609112016    00000000000000000000000                              75600000000000000000000       
7560001300003T 0601234000000000012340000000102101011     12016120712001  07122016000000000000001001029910                         091000011111111111FLAVIO HENRIQUE FERREIRA                00000000000000000000001900000000004                 
7560001300004U 060000000000000000000000000000000000000000000000000000000000000000000000000010000000000000010000000000000000000000000000000911201609112016    00000000000000000000000                              75600000000000000000000       
75600015         00000600000000000000000000000000000000000000000000000000000000000000000000000000000000000000000000                                                                                                                             
75699999         000001000008000000                                                                                                                                                                                                             
