75600000         202314712000100                    01234000000000012340FUNERARIA NOVA FRANCA LTDA    SICOOB                                  20911201615054100000108500000                                                                     
75600011T01  043 2002314712000100          123400000901234000000000012340FUNERARIA NOVA FRANCA LTDA                                                                                    000000000911201600000000                                 
7560001300001T 0201234000000000012340000000101401011     12016120712001  07122016000000000000001756012340                         091000012345678910FLAVIO HENRIQUE FERREIRA                0000000000000000000000000                           
7560001300002U 020000000000000000000000000000000000000000000000000000000000000000000000000000000000000000000000000000000000000000000000000711201600000000    00000000000000000000000                              75600000000000000000000       
7560001300003T 0201234000000000012340000000102101011     12016120712001  07122016000000000000001756012340                         091000012345678910FLAVIO HENRIQUE FERREIRA                0000000000000000000000000                           
7560001300004U 020000000000000000000000000000000000000000000000000000000000000000000000000000000000000000000000000000000000000000000000000711201600000000    00000000000000000000000                              75600000000000000000000       
75600015         00000600000000000000000000000000000000000000000000000000000000000000000000000000000000000000000000                                                                                                                             
75699999         000001000008000000                                                                                                                                                                                                             
